darg@darg-TOSHIBA.21580:1515566217