@ARTICLE{article:Ejemplo,
  author = {Autor Apellidos},
  title = {Titulo del artículo},
  journal = {Revista de publicación},
  year = {2008},
  pages = {65-73},
  owner = {Administrador},
}
@article{cavoukian2009privacy,
  title={Privacy by design},
  author={Cavoukian, Ann},
  journal={Take the challenge. Information and privacy commissioner of Ontario, Canada},
  year={2009}
}
@article{danezis2010critical,
  title={A critical review of 10 years of privacy technology},
  author={Danezis, George and G{\"u}rses, Seda},
  journal={Proceedings of surveillance cultures: a global surveillance society},
  pages={1--16},
  year={2010}
}
@book{lane2014privacy,
  title={Privacy, big data, and the public good: Frameworks for engagement},
  author={Lane, Julia and Stodden, Victoria and Bender, Stefan and Nissenbaum, Helen},
  year={2014},
  publisher={Cambridge University Press}
}
@book{brunton2015obfuscation,
  title={Obfuscation: A user's guide for privacy and protest},
  author={Brunton, Finn and Nissenbaum, Helen},
  year={2015},
  publisher={Mit Press}
}
@ARTICLE{pfitzmann2010terminology,
  author = {Pfitzmann, Andreas and Hansen, Marit},
  title = {A terminology for talking about privacy by data minimization: Anonymity,
	unlinkability, undetectability, unobservability, pseudonymity, and
	identity management},
  note = {\url{http://dud.inf.tu-dresden.de/Anon_Terminology.shtml}}
}
@inproceedings{caliskan2015anonymizing,
  title={De-anonymizing programmers via code stylometry},
  author={Caliskan-Islam, Aylin and Harang, Richard and Liu, Andrew and Narayanan, Arvind and Voss, Clare and Yamaguchi, Fabian and Greenstadt, Rachel},
  booktitle={24th USENIX Security Symposium (USENIX Security), Washington, DC},
  year={2015}
}
@article{caliskan2015coding,
  title={When coding style survives compilation: De-anonymizing programmers from executable binaries},
  author={Caliskan-Islam, Aylin and Yamaguchi, Fabian and Dauber, Edwin and Harang, Richard and Rieck, Konrad and Greenstadt, Rachel and Narayanan, Arvind},
  journal={arXiv preprint arXiv:1512.08546},
  year={2015}
}

